{
  "leader": "05154cam a2200613 a 4500",
  "fields": [
    {
      "001": "ocm32014330\\"
    },
    {
      "003": "OCoLC"
    },
    {
      "005": "20220630162509.0"
    },
    {
      "008": "950125s1995\\\\\\\\mduaf\\\\\\\\b\\\\\\\\001\\0ceng\\\\"
    },
    {
      "010": {
        "ind1": "\\",
        "ind2": "\\",
        "subfields": [
          {
            "a": "   95002320 "
          }
        ]
      }
    },
    {
      "040": {
        "ind1": "\\",
        "ind2": "\\",
        "subfields": [
          {
            "a": "DLC"
          },
          {
            "b": "eng"
          },
          {
            "c": "DLC"
          },
          {
            "d": "UKM"
          },
          {
            "d": "NLGGC"
          },
          {
            "d": "BTCTA"
          },
          {
            "d": "YDXCP"
          },
          {
            "d": "BAKER"
          },
          {
            "d": "UAB"
          },
          {
            "d": "HEBIS"
          },
          {
            "d": "DEBSZ"
          },
          {
            "d": "GBVCP"
          },
          {
            "d": "OHS"
          },
          {
            "d": "DEBBG"
          },
          {
            "d": "OCLCF"
          },
          {
            "d": "MUO"
          },
          {
            "d": "EUW"
          },
          {
            "d": "OCLCQ"
          },
          {
            "d": "XFF"
          },
          {
            "d": "OCLCQ"
          },
          {
            "d": "NJR"
          },
          {
            "d": "OCLCO"
          },
          {
            "d": "CSA"
          },
          {
            "d": "OCLCO"
          },
          {
            "d": "TME"
          },
          {
            "d": "OCLCO"
          },
          {
            "d": "OCLCQ"
          },
          {
            "d": "OCLCO"
          },
          {
            "d": "MRM"
          },
          {
            "d": "CPO"
          },
          {
            "d": "YCP"
          },
          {
            "d": "CPS"
          },
          {
            "d": "OCLCO"
          },
          {
            "d": "JDP"
          },
          {
            "d": "OCLCA"
          },
          {
            "d": "OCLCQ"
          },
          {
            "d": "OCLCO"
          },
          {
            "d": "AU@"
          },
          {
            "d": "OCLCO"
          },
          {
            "d": "OCLCQ"
          },
          {
            "d": "OCLCO"
          },
          {
            "d": "OCLCA"
          },
          {
            "d": "TJC"
          },
          {
            "d": "OCL"
          },
          {
            "d": "OCLCQ"
          },
          {
            "d": "OCLCO"
          },
          {
            "d": "PUG"
          },
          {
            "d": "TFW"
          },
          {
            "d": "OCLCO"
          },
          {
            "d": "TYC"
          },
          {
            "d": "AZU"
          },
          {
            "d": "OCLCO"
          },
          {
            "d": "OCLCQ"
          },
          {
            "d": "OCLCO"
          },
          {
            "d": "OCLCA"
          },
          {
            "d": "OCLCQ"
          },
          {
            "d": "OCLCO"
          },
          {
            "d": "OCLCA"
          },
          {
            "d": "UNOMP"
          },
          {
            "d": "OCLCO"
          }
        ]
      }
    },
    {
      "019": {
        "ind1": "\\",
        "ind2": "\\",
        "subfields": [
          {
            "a": "34319434"
          }
        ]
      }
    },
    {
      "020": {
        "ind1": "\\",
        "ind2": "\\",
        "subfields": [
          {
            "a": "0801848938"
          },
          {
            "q": "(acid-free paper)"
          }
        ]
      }
    },
    {
      "020": {
        "ind1": "\\",
        "ind2": "\\",
        "subfields": [
          {
            "a": "9780801848933"
          },
          {
            "q": "(acid-free paper)"
          }
        ]
      }
    },
    {
      "035": {
        "ind1": "\\",
        "ind2": "\\",
        "subfields": [
          {
            "a": "(OCoLC)32014330"
          },
          {
            "z": "(OCoLC)34319434"
          }
        ]
      }
    },
    {
      "043": {
        "ind1": "\\",
        "ind2": "\\",
        "subfields": [
          {
            "a": "n-us---"
          }
        ]
      }
    },
    {
      "050": {
        "ind1": "0",
        "ind2": "0",
        "subfields": [
          {
            "a": "Q130"
          },
          {
            "b": ".R683 1995"
          }
        ]
      }
    },
    {
      "060": {
        "ind1": "\\",
        "ind2": "4",
        "subfields": [
          {
            "a": "Q 130 R678 1995"
          }
        ]
      }
    },
    {
      "082": {
        "ind1": "0",
        "ind2": "0",
        "subfields": [
          {
            "a": "305.4350973"
          },
          {
            "b": "ROS"
          }
        ]
      }
    },
    {
      "100": {
        "ind1": "1",
        "ind2": "\\",
        "subfields": [
          {
            "a": "Rossiter, Margaret W."
          }
        ]
      }
    },
    {
      "245": {
        "ind1": "1",
        "ind2": "0",
        "subfields": [
          {
            "a": "Women scientists in America :"
          },
          {
            "b": "before affirmative action, 1940-1972 /"
          },
          {
            "c": "Margaret W. Rossiter."
          }
        ]
      }
    },
    {
      "260": {
        "ind1": "\\",
        "ind2": "\\",
        "subfields": [
          {
            "a": "Baltimore :"
          },
          {
            "b": "Johns Hopkins University Press,"
          },
          {
            "c": "1995."
          }
        ]
      }
    },
    {
      "300": {
        "ind1": "\\",
        "ind2": "\\",
        "subfields": [
          {
            "a": "xviii, 584 pages, 16 unnumbered pages of plates :"
          },
          {
            "b": "illustrations ;"
          },
          {
            "c": "25 cm"
          }
        ]
      }
    },
    {
      "336": {
        "ind1": "\\",
        "ind2": "\\",
        "subfields": [
          {
            "a": "text"
          },
          {
            "b": "txt"
          },
          {
            "2": "rdacontent"
          }
        ]
      }
    },
    {
      "337": {
        "ind1": "\\",
        "ind2": "\\",
        "subfields": [
          {
            "a": "unmediated"
          },
          {
            "b": "n"
          },
          {
            "2": "rdamedia"
          }
        ]
      }
    },
    {
      "338": {
        "ind1": "\\",
        "ind2": "\\",
        "subfields": [
          {
            "a": "volume"
          },
          {
            "b": "nc"
          },
          {
            "2": "rdacarrier"
          }
        ]
      }
    },
    {
      "504": {
        "ind1": "\\",
        "ind2": "\\",
        "subfields": [
          {
            "a": "Includes bibliographical references (pages 531-556) and index."
          }
        ]
      }
    },
    {
      "505": {
        "ind1": "0",
        "ind2": "\\",
        "subfields": [
          {
            "a": "1. World War II: Opportunity Lost? -- 2. Postwar \"Adjustment\": Displacement and Demotion -- 3. \"Scientific Womanpower\": Ambivalent Encouragement -- 4. Graduate School: Record Numbers Despite It All -- 5. Growth, Segregation, and Statistically \"Other\" -- 6. Faculty at Major Universities: The Antinepotism Rules and the Grateful Few -- 7. Resentful Research Associates: Marriage and Marginality -- 8. Protecting Home Economics, the Women's Field -- 9. Surviving in \"Siberia\" -- 10. Majors, Money, and Men at the Women's Colleges -- 11. Nonprofit Institutions and Self-Employment: A Second Chance -- 12. Corporate Employment: Research and Customer Service -- 13. Governmental \"Showcase\"? -- 14. Invisibility and Underrecognition: Less and Less of More and More -- 15. Women's Clubs and Prizes: Partial Palliatives -- 16. The Path to Liberation: Consciousness Raised, Legislation Enacted."
          }
        ]
      }
    },
    {
      "520": {
        "ind1": "\\",
        "ind2": "\\",
        "subfields": [
          {
            "a": "Rossiter shows how women scientists made significant contributions to the war effort, ranging from engineering and nutrition (where both Margaret Mead and Rachel Carson worked well outside their areas of expertise) to metallurgy and the Manhattan Project. But she tells also of the postwar period, when women scientists were told to accept demotion \"cheerfully\" and American colleges began concerted efforts to \"get the old girls out\" and replace them with all-male - and therefore higher-paid and more prestigious - faculty."
          }
        ]
      }
    },
    {
      "520": {
        "ind1": "8",
        "ind2": "\\",
        "subfields": [
          {
            "a": "Rossiter concludes that the period from 1940 to 1972 was a time when American women were encouraged to pursue an education in science in order to participate in the great professional opportunities that science promised. Yet the patriarchal structure and values of universities, government, and industry confronted women with obstacles that continued to frustrate and subordinate them. Nevertheless, women scientists made genuine contributions to their fields, grew in professional stature, and laid the foundation for the period after 1972, which saw real breakthroughs on the status of women scientists in America."
          }
        ]
      }
    },
    {
      "586": {
        "ind1": "\\",
        "ind2": "\\",
        "subfields": [
          {
            "a": "History of Science Society Pfizer Award, 1997."
          }
        ]
      }
    },
    {
      "650": {
        "ind1": "\\",
        "ind2": "0",
        "subfields": [
          {
            "a": "Women scientists"
          },
          {
            "z": "United States"
          },
          {
            "x": "History"
          },
          {
            "y": "20th century."
          }
        ]
      }
    },
    {
      "650": {
        "ind1": "\\",
        "ind2": "0",
        "subfields": [
          {
            "a": "Women in science"
          },
          {
            "z": "United States"
          },
          {
            "x": "History"
          },
          {
            "y": "20th century."
          }
        ]
      }
    },
    {
      "650": {
        "ind1": "\\",
        "ind2": "2",
        "subfields": [
          {
            "a": "Science"
          },
          {
            "x": "history"
          }
        ]
      }
    },
    {
      "650": {
        "ind1": "\\",
        "ind2": "2",
        "subfields": [
          {
            "a": "Women"
          },
          {
            "x": "history"
          }
        ]
      }
    },
    {
      "651": {
        "ind1": "\\",
        "ind2": "2",
        "subfields": [
          {
            "a": "United States"
          }
        ]
      }
    },
    {
      "650": {
        "ind1": "\\",
        "ind2": "7",
        "subfields": [
          {
            "a": "Women in science."
          },
          {
            "2": "fast"
          },
          {
            "0": "(OCoLC)fst01177977"
          }
        ]
      }
    },
    {
      "650": {
        "ind1": "\\",
        "ind2": "7",
        "subfields": [
          {
            "a": "Women scientists."
          },
          {
            "2": "fast"
          },
          {
            "0": "(OCoLC)fst01178507"
          }
        ]
      }
    },
    {
      "651": {
        "ind1": "\\",
        "ind2": "7",
        "subfields": [
          {
            "a": "United States."
          },
          {
            "2": "fast"
          },
          {
            "0": "(OCoLC)fst01204155"
          }
        ]
      }
    },
    {
      "648": {
        "ind1": "\\",
        "ind2": "7",
        "subfields": [
          {
            "a": "1900-1999"
          },
          {
            "2": "fast"
          }
        ]
      }
    },
    {
      "655": {
        "ind1": "\\",
        "ind2": "2",
        "subfields": [
          {
            "a": "Biography"
          }
        ]
      }
    },
    {
      "655": {
        "ind1": "\\",
        "ind2": "7",
        "subfields": [
          {
            "a": "Biographies."
          },
          {
            "2": "fast"
          },
          {
            "0": "(OCoLC)fst01919896"
          }
        ]
      }
    },
    {
      "655": {
        "ind1": "\\",
        "ind2": "7",
        "subfields": [
          {
            "a": "History."
          },
          {
            "2": "fast"
          },
          {
            "0": "(OCoLC)fst01411628"
          }
        ]
      }
    },
    {
      "655": {
        "ind1": "\\",
        "ind2": "7",
        "subfields": [
          {
            "a": "Biographies."
          },
          {
            "2": "lcgft"
          }
        ]
      }
    },
    {
      "776": {
        "ind1": "0",
        "ind2": "8",
        "subfields": [
          {
            "i": "Online version:"
          },
          {
            "a": "Rossiter, Margaret W."
          },
          {
            "t": "Women scientists in America."
          },
          {
            "d": "Baltimore : Johns Hopkins University Press, 1995"
          },
          {
            "w": "(OCoLC)604729244"
          }
        ]
      }
    },
    {
      "856": {
        "ind1": "4",
        "ind2": "1",
        "subfields": [
          {
            "3": "Table of contents"
          },
          {
            "u": "http://www.gbv.de/dms/bowker/toc/9780801848933.pdf"
          }
        ]
      }
    },
    {
      "856": {
        "ind1": "4",
        "ind2": "1",
        "subfields": [
          {
            "3": "Table of contents"
          },
          {
            "u": "http://bvbr.bib-bvb.de:8991/F?func=serviceetdoc_library=BVB01etdoc_number=007172174etline_number=0001etfunc_code=DB_RECORDSetservice_type=MEDIA"
          }
        ]
      }
    },
    {
      "856": {
        "ind1": "4",
        "ind2": "1",
        "subfields": [
          {
            "3": "Table of contents"
          },
          {
            "u": "http://bvbr.bib-bvb.de:8991/F?func=service&doc_library=BVB01&local_base=BVB01&doc_number=007172174&line_number=0001&func_code=DB_RECORDS&service_type=MEDIA"
          }
        ]
      }
    },
    {
      "856": {
        "ind1": "4",
        "ind2": "1",
        "subfields": [
          {
            "u": "http://hdl.handle.net/2027/heb.09071"
          },
          {
            "z": "Available from ACLS Humanities:"
          },
          {
            "z": "Rutgers restricted"
          }
        ]
      }
    },
    {
      "856": {
        "ind1": "4",
        "ind2": "2",
        "subfields": [
          {
            "3": "Contributor biographical information"
          },
          {
            "u": "http://catdir.loc.gov/catdir/bios/jhu051/95002320.html"
          }
        ]
      }
    },
    {
      "856": {
        "ind1": "4",
        "ind2": "2",
        "subfields": [
          {
            "3": "Publisher description"
          },
          {
            "u": "http://catdir.loc.gov/catdir/description/jhu051/95002320.html"
          }
        ]
      }
    },
    {
      "994": {
        "ind1": "\\",
        "ind2": "\\",
        "subfields": [
          {
            "a": "Z0"
          },
          {
            "b": "NYRVC"
          }
        ]
      }
    },
    {
      "948": {
        "ind1": "\\",
        "ind2": "\\",
        "subfields": [
          {
            "h": "NO HOLDINGS IN NYRVC - 929 OTHER HOLDINGS"
          }
        ]
      }
    },
    {
      "999": {
        "ind1": "\\",
        "ind2": "\\",
        "subfields": [
          {
            "a": "00000000015385"
          }
        ]
      }
    }
  ]
}